@unpublished{SiemensRobots,
	Author = "Rohling, Gitta",
	Title = "{Robots: Building New Business Models. Siemens. \textbf{Pictures of the Future}. Digitalization \& Software. Autonomous Systems Facts and Forecasts}",
    Year = {2016},
    Url = {https://www.siemens.com/innovation/en/home/pictures-of-the-future/digitalization-and-software/autonomous-systems-facts-and-forecasts.html},
    Urlaccessdate = {07 abr 2017},
    @comment = https://www.siemens.com/innovation/en/home/pictures-of-the-future/digitalization-and-software/autonomous-systems-facts-and-forecasts.html
}

@unpublished{FuelEfficiency,
	Author = {Ghanta, Praveen},
	Title = {Fuel Efficiency: Modes of Transportation Ranked By MPG. \textbf{True Cost}},
    Year = {2010},
    Url = {https://truecostblog.com/2010/05/27/fuel-efficiency-modes-of-transportation-ranked-by-mpg/},
    Urlaccessdate = {11 mai 2017},
    @comment = https://truecostblog.com/2010/05/27/fuel-efficiency-modes-of-transportation-ranked-by-mpg/
}

@unpublished{DJIF550,
	Author = {DJI},
	Title = {\textbf{FlameWheel550 User Manual}},
    Year = {2013},
    Url = {http://tinyurl.com/msjlkd4},
    Urlaccessdate = {18 mai 2017},
    @comment = http://download.dji-innovations.com/downloads/flamewheel/en/F550_User_Manual_v1.9_en.pdf
}

@mastersthesis{Negenborn,
	Author = {Negenborn, Rudy},
  	Title  = {\textbf{Robot Localization and Kalman Filters: On Finding Your Position in a Noisy World}},
  	School = {(Master Thesis) - Institute of Information and Computing Sciences, Utrecht Universiy, Utrecht},
  	Year = 2003,
    Month = "Setembro"
}

@article{Delmerico:2017IEEE,
	Author = "Delmerico, Jeffrey and Mueggler, Elias and Nitsh, Julia and Scaramuzza, Davide",
	Title = "Active Autonomous Aerial Exploration for Ground Robot Path Planning",
	Journal = {\textbf{IEEE Robotics and Automation Letters}},
	Year = {2017},
	Volume = {2},
	Pages = {664-671},
	Number = {2},
	Month = {Abril},
	Publisher = {IEEE},
    Url = {http://ieeexplore.ieee.org/document/7812671/},
    Urlaccessdate = {20 mai 2018}
}

@article{Tokekar:2016IEEE,
	Author = {Tokekar, Pratap and Hook, Joshua Vander and Mulla, David and Isler, Volkan},
	Title = "Sensor Planning for a Symbiotic UAV and UGV System for Precision Agriculture",
	Journal = {\textbf{IEEE Transactions on Robotics}},
	Year = {2016},
	Volume = {32},
	Pages = {1498-1511},
	Number = {6},
	Month = {Dezembro},
	Publisher = {IEEE},
    Url = {http://ieeexplore.ieee.org/document/7587351/},
    Urlaccessdate = {20 mai 2018}
}

@misc{img:Curiosity,
	Organization = {NASA},
    Title = {Rover Curiosity},
   	Url = {http://tinyurl.com/mf8kwty},
   	Urlaccessdate = {18 mai 2017},
   	Year = {2013},
    Note = {Largura: 946 pixels. Altura: 1315 pixels. 911.0 kB. Formato: JPEG},
   	@comment = https://www.nasa.gov/image-feature/curiosity-radiation-assessment-device-rad
}

@misc{img:DJIF550,
	Organization = {DJI},
    Title = {DJI FlameWheel 550},
   	Url = {http://tinyurl.com/kvgfrzx},
   	Urlaccessdate = {18 mai 2017},
   	Year= {2017},
    Note = {Largura: 960 pixels. Altura: 480 pixels. 26.2 kB. Formato: JPEG},
   	@comment = https://www.dji.com/flame-wheel-arf/feature
}

@misc{img:CC3D,
	Organization = {Top Toy Space},
    Title = {Controlador de voo CC3D},
   	Url = {http://tinyurl.com/nyeg9xw},
   	Urlaccessdate = {18 mai 2017},
   	Year= {2014},
    Note = {Largura: 600 pixels. Altura: 600 pixels. 87.9 kB. Formato: JPEG},
   	@comment = http://www.toptoyspace.com/2014/10/27/practical-adjustments-basic-stabilization-mode-cc3d-flight-controller/
}

@misc{OpenPilot,
   	Title = {OpenPilot},
   	Url = {https://github.com/openpilot/OpenPilot},
   	Urlaccessdate = {31 mai 2017},
   	Year= {2015}
}

@misc{elementaryOS,
   Organization = {elementary OS},
   Url = {https://elementary.io},
   Urlaccessdate = {31 mai 2017},
   Year= {2017}
}

@misc{vscode,
   Title = {Visual Studio Code},
   Organization = {Microsoft},
   Url = {https://github.com/Microsoft/vscode},
   Urlaccessdate = {29 jan 2018},
   Year= {2018}
}

@misc{numpy,
   Organization = {Numpy},
   Url = {http://www.numpy.org/},
   Urlaccessdate = {06 fev 2018},
   Year= {2018}
}

@misc{matplotlib,
   Organization = {Matplotlib},
   Url = {https://matplotlib.org/},
   Urlaccessdate = {06 fev 2018},
   Year= {2018}
}

@misc{seaborn,
   Organization = {Seaborn},
   Url = {https://seaborn.pydata.org/},
   Urlaccessdate = {06 fev 2018},
   Year= {2018}
}

@misc{Python,
   Organization = {Python},
   Url = {https://www.python.org/},
   Urlaccessdate = {10 fev 2018},
   Year= {2018}
}

@article{scikit-image,
 title = {scikit-image: image processing in {P}ython},
 author = {VAN DER Walt, {S}t\'efan and {S}ch\"onberger, {J}ohannes {L}. and
           Nunez{-}Iglesias, {J}uan and {B}oulogne, {F}ran\c{c}ois and {W}arner,
           {J}oshua {D}. and {Y}ager, {N}eil and {G}ouillart, {E}mmanuelle and
           {Y}u, {T}ony and {scikit-image contributors}},
 year = {2014},
 month = {6},
 keywords = {Image processing, Reproducible research, Education,
             Visualization, Open source, Python, Scientific programming},
 volume = {2},
 pages = {e453},
 journal = {\textbf{PeerJ}},
 issn = {2167-8359},
 url = {http://dx.doi.org/10.7717/peerj.453},
 doi = {10.7717/peerj.453},
 Urlaccessdate = {10 fev 2018},
}

@misc{OpenCV,
   Organization = {OpenCV},
   Url = {https://opencv.org/},
   Urlaccessdate = {10 fev 2017},
   Year= {2018}
}

@misc{graph-tool,
	Organization = {Graph-tool},
    Url = {https://graph-tool.skewed.de/},
    Urlaccessdate = {10 fev 2018},
    Year= {2018}
}

@misc{networkx,
	Organization = {NetworkX},
    Url = {https://networkx.github.io},
    Urlaccessdate = {6 mar 2018},
    Year= {2018}
}

@misc{Julia-Benchmarks,
    Organization = {Julia},
    Title = {Julia Language Benchmarks},
    Url = {https://julialang.org/benchmarks/},
    Urlaccessdate = {31 mai 2017},
    Year= {2016}
}

@book{pdi-gonzalez-woods,
	Title = {\textbf{Processamento Digital de Imagens}},
    Author = {Gonzalez, R.C. and Woods, R.E.},
    Edition = {3},
	Publisher = {Pearson Prentice Hall},
	Year = {2010},
	Address = {São Paulo}
}

@book{mahesh2009mdct,
  title={\textbf{MDCT Physics: The Basics - Technology, Image Quality and Radiation Dose}},
  author={Mahesh, M.},
  isbn={9780781768115},
  lccn={2009006242},
  series={M - Medicine Series},
  url={https://books.google.com.br/books?id=kgN-UZNNf4kC},
  year={2009},
  publisher={Lippincott Williams \& Wilkins}
}

@book{dougherty2009digital,
  title={\textbf{Digital Image Processing for Medical Applications}},
  author={Dougherty, G.},
  isbn={9781139476294},
  url={https://books.google.com.br/books?id=WlCeP-9c\_fgC},
  year={2009},
  publisher={Cambridge University Press}
}

@book{dhawan2008principles,
  title={\textbf{Principles and Advanced Methods in Medical Imaging and Image Analysis}},
  author={Dhawan, A.P. and Huang, H.K. and Kim, D.S.},
  isbn={9789812705341},
  lccn={2008275074},
  series={IEEE Press series on biomedical engineering},
  url={https://books.google.com.br/books?id=XmadaKtlegwC},
  year={2008},
  publisher={World Scientific}
}

@book{cv-ballard-brown,
	Title = {\textbf{Computer Vision}},
    Author = {Ballard, D.H. and Brown, C.M.},
    Edition = {1},
	Publisher = {Prentice Hall},
	Year = {1982},
	Address = {New Jersey}
}

@book{cv-forsyth-ponce,
	Title = {\textbf{Computer Vision: A Modern Approach}},
    Author = {Forsyth, D. and Ponce, J.},
    Edition = {2},
	Publisher = {Pearson},
	Year = {2011},
	Address = {New Jersey},
    ISBN = {978-0-1360-8592-8}
}

@book{cavt-fumiaki-saburo,
	Title = {\textbf{Computer Analysis of Visual Textures}},
    Author = {Fumiaki, T. and Saburo, T.},
    Edition = {1},
    Series = {The Springer International Series in Engineering and Computer Science},
	Publisher = {Springer},
	Year = {2013},
    ISBN = {978-1-4612-8832-9}
}

@book{gcaa-goldbarg,
	Title = {\textbf{Grafos: Conceitos, Algoritmos e Aplicações}},
    Author = {Goldbarg, Marco. and Goldbarg, Elizabeth.},
    Edition = {1},
	Publisher = {Elsevier},
	Year = {2012},
    Address = {Rio de Janeiro},
    ISBN = {978-8-5352-5716-8}
}

@misc{img:forest-map,
	Author = {Habrys},
    Title = {Forest Map},
   	Url = {https://habrys.wordpress.com/2011/07/01/forest-map/},
   	Urlaccessdate = {18 jun 2017},
   	Year= {2011},
    Note = {Largura: 2000 pixels. Altura: 2000 pixels. 2.5 MB. Formato: JPEG},
   	@comment = https://habrys.wordpress.com/2011/07/01/forest-map/
}

@misc{img:forest-background,
	Organization = {Nyafuu},
   	Url = {https://archive.nyafuu.org/wg/thread/5579001/#5581401},
   	Urlaccessdate = {21 jun 2017},
   	Year= {2013},
    Note = {Largura: 1920 pixels. Altura: 1080 pixels. 16.0 kB. Formato: PNG},
   	@comment = https://archive.nyafuu.org/wg/thread/5579001/#5581401
}

@article{Howard:JPL,
	Author = {Ayanna Howard and Homayoun Seraji and Barry Werger},
	Title = {A Terrain-Based Path Planning Method for Mobile Robots},
	Journal = {\textbf{Seventh International Conference on Automation Technology}},
	Year = {2003},
	Publisher = {NASA Jet Propulsion Laboratory},
    Url = {https://trs.jpl.nasa.gov/handle/2014/7174},
    Urlaccessdate = {11 nov 2017}
}

@article{Seraji:JPL,
author={H. Seraji}, 
journal={\textbf{Proceedings 1999 IEEE International Conference on Robotics and Automation} (Cat. No.99CH36288C)}, 
title={Traversability index: a new concept for planetary rovers}, 
year={1999}, 
volume={3}, 
number={}, 
pages={2006-2013 vol.3}, 
keywords={computerised navigation;fuzzy logic;fuzzy set theory;mobile robots;planetary rovers;planetary surfaces;fuzzy logic;fuzzy navigation rules;linguistic fuzzy sets;planetary rovers;planetary surface classification;roughness;rover navigation strategy;slope;terrain quality data;traversability index;traversal;Extraterrestrial measurements;Fuzzy logic;Fuzzy sets;Laboratories;Mobile robots;Navigation;Propulsion;Rain;Rough surfaces;Surface roughness}, 
doi={10.1109/ROBOT.1999.770402}, 
ISSN={1050-4729}, 
month={}
}

@article{Howard:2001, 
author={A. Howard and E. Tunstel and D. Edwards and A. Carlson}, 
journal={Proceedings Joint \textbf{9th IFSA World Congress} and \textbf{20th NAFIPS International Conference}}, 
title={Enhancing fuzzy robot navigation systems by mimicking human visual perception of natural terrain traversability}, 
year={2001}, 
volume={1}, 
number={}, 
pages={7-12 vol.1}, 
keywords={computerised navigation;feature extraction;fuzzy control;fuzzy logic;learning (artificial intelligence);mobile robots;real-time systems;robot vision;fuzzy logic framework;fuzzy robot navigation systems enhancement;human visual perception mimicking;human-embedded logic;image data;learning methodology;natural terrain traversability;onboard vision system;outdoor mobile robot navigation;real world image data;real-time perception;terrain assessment;terrain feature extraction;vision algorithms;Algorithm design and analysis;Data mining;Feature extraction;Fuzzy logic;Fuzzy systems;Humans;Machine vision;Mobile robots;Navigation;System testing}, 
doi={10.1109/NAFIPS.2001.944218}, 
ISSN={}, 
month={July},
}

@article{Hudjakov:2009, 
author={R. Hudjakov and M. Tamre}, 
journal={\textbf{2009 International Symposium on Optomechatronic Technologies}}, 
title={Aerial imagery terrain classification for long-range autonomous navigation}, 
year={2009}, 
volume={}, 
number={}, 
pages={88-91}, 
keywords={geophysical signal processing;image classification;navigation;optical images;remotely operated vehicles;road vehicles;terrain mapping;UGV road performance;aerial imagery terrain classification;long-range autonomous navigation;off-road performance;unmanned aerial vehicle;unmanned ground vehicle;Color;Feature extraction;Image processing;Navigation;Neural networks;Optical sensors;Roads;Robot sensing systems;Robot vision systems;Unmanned aerial vehicles;Optical terrain classification;UAV;UGV;convolutional neural networks}, 
doi={10.1109/ISOT.2009.5326104}, 
ISSN={}, 
month={Sept},
}

@article{Vandapel:2006,
title = {Unmanned Ground Vehicle Navigation Using Aerial Ladar Data},
author = {Nicolas Vandapel and Raghavendra Rao Donamukkala and Martial Hebert},
journal = {\textbf{The International Journal of Robotics Research}},
sponsor = {DARPA},
publisher = {Sage Publications},
school = {Robotics Institute, Carnegie Mellon University},
month = {January},
year = {2006},
volume = {25},
number = {1},
pages = {31-51},
address = {Pittsburgh, PA},
}

@article{Chavez-Gargia:2017,
  author    = {R. Omar Chavez{-}Garcia and
               Jerome Guzzi and
               Luca Maria Gambardella and
               Alessandro Giusti},
  title     = {Learning Ground Traversability from Simulations},
  journal   = {\textbf{arXiv}},
  volume    = {},
  year      = {2017},
  url       = {https://arxiv.org/abs/1709.05368},
  archivePrefix = {arXiv},
  eprint    = {1709.05368},
  timestamp = {Thu, 05 Oct 2017 09:42:49 +0200},
  biburl    = {http://dblp.org/rec/bib/journals/corr/abs-1709-05368},
  bibsource = {dblp computer science bibliography, http://dblp.org},
  Urlaccessdate = {11 fev 2018}
}

@article{Tomasi:1998,
author={C. Tomasi and R. Manduchi}, 
journal={\textbf{Sixth International Conference on Computer Vision} (IEEE Cat. No.98CH36271)}, 
title={Bilateral filtering for gray and color images}, 
year={1998}, 
volume={}, 
number={}, 
pages={839-846}, 
keywords={colour vision;computer vision;image processing;bilateral filtering;color images;edges preservation;geometric closeness;gray images;perceptual metric;phantom colors;photometric similarity;Color;Computer science;Filtering;Humans;Imaging phantoms;Low pass filters;Photometry;Pixel;Shape measurement;Smoothing methods}, 
doi={10.1109/ICCV.1998.710815}, 
ISSN={}, 
month={Jan},
}

@article {Banterle:2012,
author = {Banterle, Francesco and Corsini, Massimiliano and Cignoni, Paolo and Scopigno, Roberto},
title = {A Low-Memory, Straightforward and Fast Bilateral Filter Through Subsampling in Spatial Domain},
journal = {\textbf{Computer Graphics Forum}},
volume = {31},
number = {1},
publisher = {Blackwell Publishing Ltd},
issn = {1467-8659},
url = {http://dx.doi.org/10.1111/j.1467-8659.2011.02078.x},
doi = {10.1111/j.1467-8659.2011.02078.x},
pages = {19--32},
keywords = {bilateral filter, cross-bilateral filter, real-time filtering, video denoising, edge-aware painting, GPU techniques, I.4.1 [Image Processing and Computer Vision]: Enhancement, Filtering I.3.3 [Computer Graphics]: Picture/Image Generation, Bitmap and framebuffer operations},
year = {2012},
Urlaccessdate = {11 fev 2018}
}

@misc{SpatialResolution,
	Author = {NEON},
	Title = {The Relationship Between Raster Resolution, Spatial Extent \& Number of Pixels},
    Year = {2013},
    Url = {http://www.neonscience.org/raster-res-extent-pixels-r},
    Urlaccessdate = {05 jan 2018},
    @comment = http://www.neonscience.org/raster-res-extent-pixels-r
}

@misc{img:neon-airborne-data,
	Author = {NEON},
    Title = {Airborne data sample},
   	Url = {http://www.neonscience.org/data-resources/get-data/airborne-data},
   	Urlaccessdate = {19 dez 2017},
   	Year= {2013},
    Note = {National Ecological Observatory Network},
    @Note = {Largura: 2000 pixels. Altura: 2000 pixels. 2.5 MB. Formato: JPEG},
   	@comment = http://www.neonscience.org/data-resources/get-data/airborne-data
}

@misc{MarsScienceLabLanding,
	Author = {NASA},
	Title = {\textbf{Mars Science Laboratory Landing Press Kit}},
    Year = {2012},
    Url = {https://www.jpl.nasa.gov/news/press_kits/MSLLanding.pdf},
    Urlaccessdate = {05 jan 2018},
    @comment = https://www.jpl.nasa.gov/news/press_kits/MSLLanding.pdf
}

@misc{DroneMapper,
    author = "DroneMapper",
    title  = "Adobe Buttes Aerial Survey",
    month  = "mai",
    year   = "2016",
    url    = "https://dronemapper.com/sample\_data",
    Urlaccessdate = {05 jan 2018},
}

@book{szeliski2010computer,
  title={Computer Vision: Algorithms and Applications},
  author={Szeliski, R.},
  isbn={9781848829350},
  lccn={2010936817},
  series={Texts in Computer Science},
  url={https://books.google.com.br/books?id=bXzAlkODwa8C},
  year={2010},
  publisher={Springer London}
}

@book{jain1995machine,
  title={Machine Vision},
  author={Jain, R. and Kasturi, R. and Schunck, B.G.},
  isbn={9780070320185},
  lccn={95003771},
  series={Computer Science Series},
  url={https://books.google.com.br/books?id=5rucQgAACAAJ},
  year={1995},
  publisher={McGraw-Hill}
}

@ARTICLE{Achanta:2012,
author={R. Achanta and A. Shaji and K. Smith and A. Lucchi and P. Fua and S. SÜsstrunk},
journal={\textbf{IEEE Transactions on Pattern Analysis and Machine Intelligence}},
title={{SLIC} Superpixels Compared to State-of-the-Art Superpixel Methods},
year={2012},
volume={34},
number={11},
pages={2274-2282},
keywords={computer vision;image segmentation;iterative methods;pattern clustering;SLIC superpixels;computer vision;image boundary;k-means clustering approach;memory efficiency;segmentation performance;simple linear iterative clustering;superpixel generation;supervoxel generation;Approximation algorithms;Clustering algorithms;Complexity theory;Image color analysis;Image edge detection;Image segmentation;Measurement uncertainty;Superpixels;clustering;k-means;segmentation;Algorithms;Image Enhancement;Image Interpretation, Computer-Assisted;Pattern Recognition, Automated;Reproducibility of Results;Sensitivity and Specificity;Signal Processing, Computer-Assisted},
doi={10.1109/TPAMI.2012.120},
ISSN={0162-8828},
month={Nov},
}

@ARTICLE{Borges:2017,
author={C. D. B. Borges and A. M. A. Almeida and I. C. {de Paula Jr}}, 
journal={\textbf{2017 Workshop of Computer Vision (WVC)}}, 
title={Aerial Image Analysis for Estimation of Ground Traversal Difficulty in Robot Navigation}, 
year={2017}, 
pages={43-48},
url = {https://doi.org/10.1109/WVC.2017.00015},
keywords={Dispersion;Gray-scale;Histograms;Image color analysis;Image edge detection;Navigation;Path planning;Aerial image analysis;Ground Path Planning;Ground traversal difficulty}, 
doi={10.1109/WVC.2017.00015}, 
ISSN={}, 
month={Oct},
Urlaccessdate = {11 fev 2018}
}

@article{maggiori2017dataset,
  title={Can Semantic Labeling Methods Generalize to Any City? {T}he {INRIA} Aerial Image Labeling Benchmark},
  author={Maggiori, Emmanuel and Tarabalka, Yuliya and Charpiat, Guillaume and Alliez, Pierre},
  journal={\textbf{IEEE International Geoscience and Remote Sensing Symposium (IGARSS)}},
  year={2017},
  organization={IEEE}
}

@misc{img:spatial-resolution,
	Organization = {SkyWatch},
    Title = {What resolution do I need when using satellite Earth observation data?},
   	Url = {https://www.skywatch.co/blog/what-resolution-do-i-need-when-using-satellite-earth-observation-data},
   	Urlaccessdate = {29 jan 2018},
   	Year= {2017},
    Note = {Largura: 1000 pixels. Altura: 609 pixels. 394.1 kB. Formato: PNG},
   	@comment = https://www.skywatch.co/blog/what-resolution-do-i-need-when-using-satellite-earth-observation-data
}

@misc{img:image-histograms,
	Author = {Sunny},
    Organization = {Banggood},
    Title = {Using your cameras histogram to take better photos},
   	Url = {https://blog.banggood.com/using-your-cameras-histogram-to-take-better-photos-29932.html},
   	Urlaccessdate = {07 fev 2018},
   	Year= {2015},
    Note = {Largura: 1340 pixels. Altura: 752 pixels. 207.0 kB. Formato: JPG},
   	@comment = https://blog.banggood.com/using-your-cameras-histogram-to-take-better-photos-29932.html
}

@ARTICLE{Fu:2015, 
author={X. Fu and J. Wang and D. Zeng and Y. Huang and X. Ding}, 
journal={\textbf{IEEE Geoscience and Remote Sensing Letters}}, 
title={Remote Sensing Image Enhancement Using Regularized-Histogram Equalization and DCT}, 
year={2015}, 
volume={12}, 
number={11}, 
pages={2301-2305}, 
keywords={discrete cosine transforms;geophysical image processing;image enhancement;remote sensing;DCT coefficients;discrete cosine transform;distribution function;global contrast enhancement method;image quality;input histogram;regularized-histogram equalization;remote sensing image enhancement;sigmoid function;table-based HE technique;Discrete cosine transforms;Discrete wavelet transforms;Distribution functions;Histograms;Image enhancement;Remote sensing;Standards;Contrast enhancement;discrete cosine transform (DCT);histogram;image enhancement;remote sensing images}, 
doi={10.1109/LGRS.2015.2473164}, 
ISSN={1545-598X}, 
month={Nov},}

@article{Pizer:1990, 
author={S. M. Pizer and R. E. Johnston and J. P. Ericksen and B. C. Yankaskas and K. E. Muller}, 
journal={\textbf{1990 Proceedings of the First Conference on Visualization in Biomedical Computing}}, 
title={Contrast-limited adaptive histogram equalization: speed and effectiveness}, 
year={1990}, 
volume={}, 
number={}, 
pages={337-345}, 
keywords={computerised picture processing;computerised tomography;medical diagnostic computing;4 s;5 s;chest computer tomography;contrast-limited adaptive histogram equalization;medical images;observer calibration;off-the-shelf components;parallel engine;Adaptive equalizers;Biomedical imaging;Clinical diagnosis;Computed tomography;Design methodology;Displays;Histograms;Lesions;Lungs;Medical diagnostic imaging}, 
doi={10.1109/VBC.1990.109340}, 
ISSN={}, 
month={May},}

@article{Li:2012, 
author={Z. Li and X. M. Wu and S. F. Chang}, 
journal={\textbf{2012 IEEE Conference on Computer Vision and Pattern Recognition}}, 
title={Segmentation using superpixels: A bipartite graph partitioning approach}, 
year={2012}, 
volume={}, 
number={}, 
pages={789-796}, 
keywords={graph theory;image segmentation;Berkeley segmentation database;bipartite graph partitioning approach;grouping cues;image segmentation;linear-time spectral algorithm;multilayer superpixels;multiscale visual patterns;natural image;Bipartite graph;Databases;Image color analysis;Image segmentation;Partitioning algorithms;Synthetic aperture sonar;Vectors}, 
doi={10.1109/CVPR.2012.6247750}, 
ISSN={1063-6919}, 
month={June},}

@article{Yi:2012,
author = {Yi, Chuho and Jeong, S and Cho, J},
year = {2012},
month = {02},
pages = {18-27},
title = {Map Representation for Robots},
volume = {2},
journal = {\textbf{Smart Computing Review}}
}

@unpublished{Arras:2011,
	Author = {Kai Arras},
	Title = {\textbf{Robots motion planning}},
    Year = {2011},
    Url = {http://ais.informatik.uni-freiburg.de/teaching/ss11/robotics/slides/18-robot-motion-planning.pdf},
    Urlaccessdate = {05 fev 2018},
    note = {.},
    @comment = http://ais.informatik.uni-freiburg.de/teaching/ss11/robotics/slides/18-robot-motion-planning.pdf
}

@book{Cormen:2009:IAT:1614191,
 author = {Cormen, Thomas H. and Leiserson, Charles E. and Rivest, Ronald L. and Stein, Clifford},
 title = {\textbf{Introduction to Algorithms}},
 year = {2009},
 isbn = {0262033844, 9780262033848},
 edition = {3rd},
 publisher = {The MIT Press},
 address = {Boston}
}

@misc{BostonDynamics,
   Organization = {Boston Dynamics},
   Url = {https://www.bostondynamics.com/},
   Urlaccessdate = {10 fev 2018},
   Year= {2018}
}

@misc{robotsinspace,
	Author = {Jerry Woodfill},
	Title = {\textbf{ROBOTS IN SPACE, NASA FACTS, NF-165/7-91}},
    Year = {2011},
    Url = {https://er.jsc.nasa.gov/seh/robots_in_space.htm},
    Urlaccessdate = {16 abr 2018},
    @comment = https://er.jsc.nasa.gov/seh/robots_in_space.htm
}

@ARTICLE{999224,
author={A. Davids},
journal={\textbf{IEEE Intelligent Systems}},
title={Urban search and rescue robots: from tragedy to technology},
year={2002},
volume={17},
number={2},
pages={81-83},
keywords={accidents;disasters;emergency services;history;mobile robots;technological forecasting;Japan;Kobe earthquake;Oklahoma City bombing;RoboCup Rescue;RoboCup Soccer;USA;World Trade Center;history;international competition;mass production;technological forecasting;tragedies;urban search-and-rescue robots;Artificial intelligence;Cognitive robotics;Crawlers;Intelligent robots;Intelligent systems;Mobile robots;NIST;Orbital robotics;Robot sensing systems;Testing},
doi={10.1109/MIS.2002.999224},
ISSN={1541-1672},
month={March},
}

@article{10.1007/978-1-4471-0765-1_53,
author="Whitcomb, Louis and Yoerger, Dana R. and Singh, Hanumant and Howland, Jonathan",
editor="Hollerbach, John M. and Koditschek, Daniel E.",
title="Advances in Underwater Robot Vehicles for Deep Ocean Exploration: Navigation, Control, and Survey Operations",
journal="\textbf{Robotics Research}",
year="2000",
publisher="Springer London",
address="London",
pages="439--448",
abstract="This paper reports recent advances and open problems in navigation, control, and survey methodologies for underwater robotic vehicles. First, the technical challenges of underwater navigation are discussed. Second, an acoustic navigation system combining bottom-lock doppler sonar and time-of-flight long-baseline (LBL) navigation techniques, recently reported by the Authors, is reviewed. The performance of this system is examined in the context of recent deep-submergence operations with the Jason underwater robot. Third, principal theoretical and practical obstacles to the task of acoustic and optical undersea survey operations are reviewed. These issues are illustrated with acoustic bathymetric and optical photomosaic surveys performed by the authors during two recent deployments in the Mediterranean Sea.",
isbn="978-1-4471-0765-1"
}

@book{burger2012digital,
  title={\textbf{Digital Image Processing: An Algorithmic Introduction Using Java}},
  author={Burger, W. and Burge, M.J.},
  isbn={9781846283796},
  lccn={2007938446},
  series={Texts in Computer Science},
  url={https://books.google.com.br/books?id=jCEi9MVfxD8C},
  year={2012},
  publisher={Springer London}
}

@INPROCEEDINGS{Sermanet08mappingand,
    author = {Pierre Sermanet and Raia Hadsell Marco Scoffier and Urs Muller Yann Lecun},
    title = {Mapping and planning under uncertainty in mobile robots with longrange perception},
    booktitle = {In Proc. of \textbf{Int’l Conf on Intelligent Robots and Systems} (IROS)},
    year = {2008}
}

@article{10.1257/jep.29.3.51,
Author = {Pratt, Gill A.},
Title = {Is a Cambrian Explosion Coming for Robotics?},
Journal = {\textbf{Journal of Economic Perspectives}},
Volume = {29},
Number = {3},
Year = {2015},
Month = {September},
Pages = {51-60},
DOI = {10.1257/jep.29.3.51},
URL = {http://www.aeaweb.org/articles?id=10.1257/jep.29.3.51}}

@article{doi:10.1108/01439911211227872,
author = {Robert Bogue},
title = {Robots for space exploration},
journal = {\textbf{Industrial Robot: the international journal of robotics research and application}},
volume = {39},
number = {4},
pages = {323-328},
year = {2012},
doi = {10.1108/01439911211227872},
URL = {https://doi.org/10.1108/01439911211227872},
eprint = {https://doi.org/10.1108/01439911211227872},
abstract = { Purpose – This paper aims to provide a technical description of the robots that have been deployed in space, primarily on the Moon and Mars.Design/methodology/approach – Following an introduction, this paper describes the robotic devices that have been deployed on the Moon and Mars. It also considers the latest Mars robot mission, the humanoid robot recently deployed on the International Space Station and robotic developments for use during proposed future planetary missions. It concludes with a brief consideration of the impact of space robots on terrestrial robotic technology.Findings – The paper shows that robots have been developed which can withstand the hostile environment of space. They have made a significant contribution to lunar and Martian science and some of the technology has had an impact on terrestrial robots.Originality/value – This paper provides a technical insight into the robots that have operated on the surfaces of the Moon and Mars. }
}

@ARTICLE{563647,
author={M. Betke and L. Gurvits},
journal={\textbf{IEEE Transactions on Robotics and Automation}},
title={Mobile robot localization using landmarks},
year={1997},
volume={13},
number={2},
pages={251-263},
keywords={distance measurement;mobile robots;navigation;path planning;landmarks;mobile robot localization;orientation estimation;position estimation;robot navigation;Autonomous agents;Computational geometry;Goniometers;Mobile robots;Navigation;Position measurement;Robot sensing systems;Uncertainty;Wheels;Working environment noise},
doi={10.1109/70.563647},
ISSN={1042-296X},
month={Apr},}

@techreport{giesbrecht2004global,
  title={\textbf{Global path planning for unmanned ground vehicles}},
  author={Giesbrecht, J},
  year={2004},
  institution={DEFENCE RESEARCH AND DEVELOPMENT SUFFIELD (ALBERTA)}
}

@INPROCEEDINGS{6803166,
author={M. Gerla and E. K. Lee and G. Pau and U. Lee},
booktitle={\textbf{2014 IEEE World Forum on Internet of Things} (WF-IoT)},
title={Internet of vehicles: From intelligent grid to autonomous cars and vehicular clouds},
year={2014},
volume={},
number={},
pages={241-246},
keywords={Internet of Things;cloud computing;grid computing;telecommunication computing;vehicular ad hoc networks;Google car;Internet cloud;Internet of Things;Internet of vehicles;VANET;autonomous cars;intelligent vehicle grid;pollution control;safe navigation;traffic management;vehicular clouds;Accidents;Cameras;Cloud computing;Mobile robots;Roads;Vehicles},
doi={10.1109/WF-IoT.2014.6803166},
ISSN={},
month={March},}

@ARTICLE{581294,
author={T. W. Vaneck},
journal={\textbf{IEEE Control Systems}},
title={Fuzzy guidance controller for an autonomous boat},
year={1997},
volume={17},
number={2},
pages={43-51},
keywords={Global Positioning System;fuzzy control;intelligent control;navigation;position control;real-time systems;ships;GPS receiver;MIT Sea Grant College Program;autonomous boat;fuzzy guidance controller;navigation;real-time system;waypoint following guidance;Boats;Educational institutions;Fuzzy control;Global Positioning System;Marine vehicles;Mobile robots;Navigation;Prototypes;Remotely operated vehicles;Robust control},
doi={10.1109/37.581294},
ISSN={1066-033X},
month={April},}

@book{robot1990,
  author={Ulrich Rembold},
  title={\textbf{Robot Technology and Applications}},
  isbn={9780824782061},
  series={Manufacturing Engineering and Materials Processing},
  url={https://books.google.com.br/books?id=qIHaT-pXyVgC},
  year={1990},
  publisher={Taylor Francis}
}

@inproceedings{lange2008autonomous,
  title={Autonomous landing for a multirotor UAV using vision},
  author={Lange, Sven and S{\"u}nderhauf, Niko and Protzel, Peter},
  booktitle={\textbf{International Conference on Simulation, Modeling, and Programming for Autonomous Robots} (SIMPAR 2008)},
  pages={482--491},
  year={2008}
}

@article{beard2005autonomous,
  title={Autonomous vehicle technologies for small fixed-wing UAVs},
  author={Beard, Randal W and Kingston, Derek and Quigley, Morgan and Snyder, Deryl and Christiansen, Reed and Johnson, Walt and McLain, Timothy and Goodrich, Michael},
  journal={\textbf{Journal of Aerospace Computing, Information, and Communication}},
  volume={2},
  number={1},
  pages={92--108},
  year={2005}
}

@book{poole2017artificial,
  title={\textbf{Artificial Intelligence: Foundations of Computational Agents}},
  author={Poole, D.L. and Mackworth, A.K.},
  isbn={9781107195394},
  url={https://books.google.com.br/books?id=Z0UzDwAAQBAJ},
  year={2017},
  publisher={Cambridge University Press}
}

@book{thrun2005probabilistic,
  title={\textbf{Probabilistic Robotics}},
  author={Thrun, S. and Burgard, W. and Fox, D. and Arkin, R.C.},
  isbn={9780262201629},
  lccn={20050436},
  series={Intelligent robotics and autonomous agents},
  url={https://books.google.com.br/books?id=2Zn6AQAAQBAJ},
  year={2005},
  publisher={MIT Press}
}

@book{davies2017computer,
  title={\textbf{Computer Vision: Principles, Algorithms, Applications, Learning}},
  author={Davies, E.R.},
  isbn={9780128095751},
  url={https://books.google.com.br/books?id=mEuZDgAAQBAJ},
  year={2017},
  publisher={Elsevier Science}
}

@book{wang2017understanding,
  title={\textbf{Understanding High Resolution Aerial Imagery Using Computer Vision Techniques}},
  author={Wang, F.},
  url={https://books.google.com.br/books?id=uqR9swEACAAJ},
  year={2017},
  publisher={Rochester Institute of Technology}
}

@book{favorskaya2017computer,
  title={\textbf{Computer Vision in Control Systems-3: Aerial and Satellite Image Processing}},
  author={Favorskaya, M.N. and Jain, L.C.},
  isbn={9783319675169},
  series={Intelligent Systems Reference Library},
  url={https://books.google.com.br/books?id=haI7DwAAQBAJ},
  year={2017},
  publisher={Springer International Publishing}
}

@book{russell2016artificial,
  title={\textbf{Artificial Intelligence: A Modern Approach}},
  author={Russell, S.J. and Norvig, P.},
  isbn={9781292153964},
  series={Always learning},
  url={https://books.google.com.br/books?id=XS9CjwEACAAJ},
  year={2016},
  publisher={Pearson Education, Limited}
}

@article{Hudjakov:2013,
author = {Robert Hudjakov and Mart Tamre},
title ={Orthophoto Classification for UGV Path Planning using Heterogeneous Computing},
journal = {\textbf{International Journal of Advanced Robotic Systems}},
volume = {10},
number = {6},
pages = {268},
year = {2013},
doi = {10.5772/56545},
URL = {https://doi.org/10.5772/56545},
eprint = {https://doi.org/10.5772/56545},
abstract = { We have developed a system that uses aerial imagery for improving unmanned ground vehicle navigation capabilities. The current article focuses on the viability of using heterogeneous computing architecture for improving system performance in terms of energy consumption and area analysed per second. }
}

@inproceedings{xia2018dota,
title={DOTA: A Large-scale Dataset for Object Detection in Aerial Images},
author={Xia, Gui-Song and Bai, Xiang and Ding, Jian and Zhu, Zhen and Belongie, Serge and Luo, Jiebo and Datcu, Mihai and Pelillo, Marcello and Zhang, Liangpei},
booktitle={\textbf{IEEE Conference on Computer Vision and Pattern Recognition}},
year={2018}
}

@INPROCEEDINGS{Suger:2015,
author={B. Suger and B. Steder and W. Burgard},
booktitle={\textbf{2015 IEEE International Conference on Robotics and Automation (ICRA)}},
title={Traversability analysis for mobile robots in outdoor environments: A semi-supervised learning approach based on 3D-lidar data},
year={2015},
volume={},
number={},
pages={3941-3946},
keywords={learning (artificial intelligence);mobile robots;optical radar;path planning;3D-LIDAR data;light detection and ranging;mobile robots;robot movement;robot navigation;semisupervised learning approach;traversability analysis;traversability capabilities;Computational modeling;Mobile robots;Robot sensing systems;Three-dimensional displays;Training},
doi={10.1109/ICRA.2015.7139749},
ISSN={1050-4729},
month={May},}

@ARTICLE{Sevo:2016,
author={I. Ševo and A. Avramović},
journal={\textbf{IEEE Geoscience and Remote Sensing Letters}},
title={Convolutional Neural Network Based Automatic Object Detection on Aerial Images},
year={2016},
volume={13},
number={5},
pages={740-744},
keywords={graphics processing units;image classification;neural nets;object detection;remote sensing;GPGPU;UCMerced data set;aerial image classification;automatic content-based aerial imagery analysis;automatic object detection;convolutional neural network;general-purpose GPU;graphics processing unit;high-resolution image;network training;satellite imagery;Feature extraction;Image color analysis;Image resolution;Object detection;Remote sensing;Training;Urban areas;Aerial images;classification;convolutional neural networks (cNNs);object detection},
doi={10.1109/LGRS.2016.2542358},
ISSN={1545-598X},
month={May},}

@INPROCEEDINGS{Sommer:2017,
author={L. W. Sommer and T. Schuchert and J. Beyerer},
booktitle={\textbf{2017 IEEE Winter Conference on Applications of Computer Vision (WACV)}},
title={Fast Deep Vehicle Detection in Aerial Images},
year={2017},
volume={},
number={},
pages={311-319},
keywords={feedforward neural nets;object detection;recurrent neural nets;remote sensing;aerial images;convolutional neural networks;fast R-CNN;faster R-CNN;ground sampling distance;object proposals methods;vehicle detection;Computational efficiency;Detectors;Image edge detection;Image segmentation;Proposals;Vehicle detection},
doi={10.1109/WACV.2017.41},
ISSN={},
month={March},}

@conference{Singh-2000-8004,
author = {Sanjiv Singh and Reid Simmons and Trey Smith and Anthony (Tony) Stentz and Vandi Verma and Alex Yahja and Kurt Schwehr},
title = {Recent Progress in Local and Global Traversability for Planetary Rovers},
booktitle = {\textbf{Proceedings of the IEEE International Conference on Robotics and Automation}},
year = {2000},
month = {April},
publisher = {IEEE},
keywords = {rovers, obstacle avoidance, path planning, Mars, space, planetary},
}

@book{goodfellow2016deep,
  title={\textbf{Deep Learning}},
  author={Goodfellow, I. and Bengio, Y. and Courville, A.},
  isbn={9780262035613},
  lccn={2016022992},
  series={Adaptive computation and machine learning},
  url={https://books.google.com.br/books?id=Np9SDQAAQBAJ},
  year={2016},
  publisher={MIT Press}
}